@book{CSharp,
    author    = "Шилдт Г.",
    title     = "C\sharp 4.0: полное руководство / пер. с англ. и под ред. И. В. Берштейна. М.",
    year      = "2011",
    publisher = "Издат. дом «Вильямс»",
}
 
@misc{MVC,
    author    = "cobiot",
    title     = "Охота на мифический MVC. Построение пользовательского интерфейса",
    url       = "https://habrahabr.ru/post/322700/",
    howpublished={\url{https://habrahabr.ru/post/322700/}}
}

@misc{Title,
	author    = "ThE_lOtUs",
	title     = "Changing the form title text programmatically",
	url       = "https://social.msdn.microsoft.com/Forums/en-US/b958c565-94bb-464d-9075-5163384d3887/changing-the-form-title-text-programmatically?forum=winforms",
	howpublished={\url{https://social.msdn.microsoft.com/Forums/en-US/b958c565-94bb-464d-9075-5163384d3887/changing-the-form-title-text-programmatically?forum=winforms}}
}

@misc{DataGridView,
	author    = "Microsoft",
	title     = "Класс DataGridView",
	url       = "https://msdn.microsoft.com/ru-ru/library/system.windows.forms.datagridview(v=vs.110).aspx",
	howpublished={\url{https://msdn.microsoft.com/ru-ru/library/system.windows.forms.datagridview(v=vs.110).aspx}}
}

@misc{StreamReader,
	author    = "Microsoft",
	title     = "Метод StreamReader.Read ()",
	url       = "https://msdn.microsoft.com/ru-ru/library/ath1fht8(v=vs.110).aspx",
	howpublished={\url{https://msdn.microsoft.com/ru-ru/library/ath1fht8(v=vs.110).aspx}}
}

@misc{FileDialog,
	author    = "Andrew",
	title     = "openFileDialog, saveFileDialog",
	url       = "https://ru.stackoverflow.com/questions/87480/openfiledialog-savefiledialog",
	howpublished={\url{https://ru.stackoverflow.com/questions/87480/openfiledialog-savefiledialog}}
}

@misc{События,
	author    = "professorweb.ru",
	title     = "События",
	url       = "https://professorweb.ru/my/csharp/charp\_theory/level10/10\_7.php",
	howpublished={\url{https://professorweb.ru/my/csharp/charp\_theory/level10/10\_7.php}}
}

@misc{Обобщенные классы,
	author    = "professorweb.ru",
	title     = "Обобщенные классы",
	url       = "https://professorweb.ru/my/csharp/charp\_theory/level11/11\_2.php",
	howpublished={\url{https://professorweb.ru/my/csharp/charp\_theory/level11/11\_2.php}}
}

@misc{Обработка событий,
	author    = "professorweb.ru",
	title     = "Обработка событий в среде .NET Framework",
	url       = "https://professorweb.ru/my/csharp/charp\_theory/level10/10\_9.php",
	howpublished={\url{https://professorweb.ru/my/csharp/charp\_theory/level10/10\_9.php}}
}

@misc{Магнитуда,
	author    = "Wikipedia",
	title     = "Магнитуда землетрясения",
	url       = "https://ru.wikipedia.org/wiki/Магнитуда\_землетрясения",
	howpublished={\url{https://ru.wikipedia.org/wiki/Магнитуда\_землетрясения}}
}

@misc{Землетрясение,
	author    = "Wikipedia",
	title     = "Землетрясение",
	url       = "https://ru.wikipedia.org/wiki/Землетрясение",
	howpublished={\url{https://ru.wikipedia.org/wiki/Землетрясение}}
}

@misc{Координаты,
	author    = "Wikipedia",
	title     = "Географические координаты",
	url       = "https://ru.wikipedia.org/wiki/Географические\_координаты",
	howpublished={\url{https://ru.wikipedia.org/wiki/Географические\_координаты}}
}
